@MISC{Robocode_ReadMe,
  author = {Flemming N. Larsen},
  title = {{ReadMe for Robocode}},
  year = {2013},
  note = {seen 29/02/2016},
  howpublished = {\url{http://robocode.sourceforge.net/docs/ReadMe.html}}
}

@article{vahid1999embedded,
  title={Embedded system design: a unified hardware/software approach},
  author={Vahid, Frank and Givargis, Tony},
  journal={Department of Computer Science and Engineering University of California},
  year={1999}
}
